@article{wagner2022quality,
  title     = {Quality Assurance for Spatial Research Data},
  author    = {Wagner, Michael and Henzen, Christin},
  journal   = {ISPRS International Journal of Geo-Information},
  volume    = {11},
  number    = {6},
  pages     = {334},
  year      = {2022},
  publisher = {MDPI}
}

@misc{sjr,
  title   = {ISPRS International Journal of Geo-Information},
  author  = {SCImago (n.d.), S},
  journal = {SCImago Journal & Country Rank},
  year    = {2023},
  url     = {https://www.scimagojr.com/journalsearch.php?q=21100427639\&tip=sid\&clean=0}
}